@MastersThesis{id:key,
    author     =     {Doe, John},
    title     =     {My nice thesis},
    school     =     {Department of chocolate},
    address     =     {Switserland},
    year     =     {2013},
    note = {promotor: Erik Pillon}
}
